@article{dacorogna2008lipschitz,
  title={Lipschitz-continuous local isometric immersions: rigid maps and origami},
  author={Dacorogna, Bernard and Marcellini, Paolo and Paolini, Emanuele},
  journal={Journal de math{\'e}matiques pures et appliqu{\'e}es},
  volume={90},
  number={1},
  pages={66--81},
  year={2008},
  publisher={Elsevier}
}

@incollection{demaine2000folding,
  title={Folding and cutting paper},
  author={Demaine, Erik D and Demaine, Martin L and Lubiw, Anna},
  booktitle={Discrete and Computational Geometry},
  pages={104--118},
  year={2000},
  publisher={Springer}
}

@article{arkin2004can,
  title={When can you fold a map?},
  author={Arkin, Esther M and Bender, Michael A and Demaine, Erik D and Demaine, Martin L and Mitchell, Joseph SB and Sethia, Saurabh and Skiena, Steven S},
  journal={Computational Geometry},
  volume={29},
  number={1},
  pages={23--46},
  year={2004},
  publisher={Elsevier}
}

@article{hull1994mathematics,
  title={On the mathematics of flat origamis},
  author={Hull, Thomas},
  journal={Congressus numerantium},
  pages={215--224},
  year={1994},
  publisher={UTILITAS MATHEMATICA PUBLISHING INC}
}

@inproceedings{kawasaki1989relation,
  title={On the relation between mountain-creases and valley-creases of a flat origami},
  author={Kawasaki, Toshikazu},
  booktitle={Proceedings of the 1st International Meeting of Origami Science and Technology},
  pages={229--237},
  year={1989}
}

@inproceedings{lang1996computational,
  title={A computational algorithm for origami design},
  author={Lang, Robert J},
  booktitle={Proceedings of the twelfth annual symposium on Computational geometry},
  pages={98--105},
  year={1996},
  organization={ACM}
}

