@article{1,
title={The Complexity of Flat Origami},
author={Marshall Bern, Barry Hayes},
journal={Proceedings of the seventh annual ACM-SIAM symposium on Discrete algorithms},
page={175-183},
year={1996}
}

@article{2,
title={Geometric Mechanics of Curved Crease Origami},
author={Marcelo A. Dias, Levi H. Dudte, L. Mahadevan, Christian D. Statangelo},
journal={Physical Review Letters},
volume={109, 114301},
year={2012}
}

@article{3,
title={The shape and mechanics of curved fold origami},
author={Marcelo A. Dias, Christian D. Statangelo},
journal={arXiv:1210.0778v2, 24 Nov},
year={2012}
}

@article{4,
title={The Combinatorics Flat Folds: a Survey},
author={Thomas C. Hull},
journal={arXiv:1307.1065v1, 3 Jul},
year={2013}
}

@article{5,
title={A Method for Designing Crease Patterns for Flat-Foldable Origami with Numerical Optimization},
author={Jun Mitani},
journal={Journal for Geometry and Graphics},
volume={15},
page={No.2 195-201},
year={2011}
}

@article{6,
title={A Technique for Constructing Developable Surfaces},
author={M. Sun, E. Fiume},
journal={Proceedings of the conference on Graphics interface},
page={176-185},
year={1996}
}

@article{7,
title={Generalization of Rigid Foldable Quadrilateral Mesh origami},
author={T. Tachi},
journal={Proceedings of the International Association for Shell and Spatial (LASS) Symposium 2009 28 Sep - 2 Oct},
year={2009}
}

@article{8,
title={Geometric Considerations for the Design of Rigid Origami Structures},
author={T. Tachi},
journal={Proceedings of the International Association for Shell and Spatial (LASS) Symposium 2010 Nov 8-12},
year={2010}
}

@article{9,
title={Modelling rigid origami with quaternions and dual quaternions},
author={Weina Wu, Zhong You},
journal={Proceedings of the Royal Society},
volume={Sep 8, 2011 467 2133},
page={2561-2574},
year={2010}
}

@book{10,
author="김강태",
title="미분기하학",
publisher="교우사",
year=2000
}



















