@article{frank1965totally,
  title={A totally bounded, complete uniform space is compact},
  author={Frank, DL},
  journal={Proceedings of the American Mathematical Society},
  volume={16},
  number={3},
  pages={514},
  year={1965}
}
@book{schechter1996handbook,
  title={Handbook of Analysis and its Foundations},
  author={Schechter, Eric},
  year={1996},
  publisher={Academic Press}
}
@book{willard2012general,
  title={General topology},
  author={Willard, Stephen},
  year={2012},
  publisher={Courier Corporation}
}