@article{stewart1976positive,
  title={Positive definite functions and generalizations, an historical survey},
  author={Stewart, James},
  journal={Rocky Mountain J. Math.},
  volume={6},
  number={4},
  pages={409--434},
  year={1976}
}
@book{folland2016course,
  title={A course in abstract harmonic analysis},
  author={Folland, Gerald B},
  volume={29},
  year={2016},
  publisher={CRC press}
}
@book{murphy2014c,
  title={C*-algebras and operator theory},
  author={Murphy, Gerald J},
  year={2014},
  publisher={Academic press}
}
@article{toeplitz1911fourier,
  title={{\"U}ber die fourier’sche entwickelung positiver funktionen},
  author={Toeplitz, Otto},
  journal={Rendiconti del Circolo Matematico di Palermo (1884-1940)},
  volume={32},
  number={1},
  pages={191--192},
  year={1911},
  publisher={Springer}
}
@article{caratheodory1907variabilitatsbereich,
  title={{\"U}ber den Variabilit{\"a}tsbereich der Koeffizienten von Potenzreihen, die gegebene Werte nicht annehmen},
  author={Carath{\'e}odory, Constantin},
  journal={Mathematische Annalen},
  volume={64},
  number={1},
  pages={95--115},
  year={1907},
  publisher={Springer}
}
@article{herglotz1911uber,
  title={Uber potenzreihen mit positivem, reelen teil im einheitskreis},
  author={Herglotz, Gustav},
  journal={Ber. Verhandl. Sachs Akad. Wiss. Leipzig, Math.-Phys. Kl.},
  volume={63},
  pages={501--511},
  year={1911}
}
@article{mathias1923positive,
  title={{\"U}ber positive Fourier-Integrale},
  author={Mathias, M},
  journal={Mathematische Zeitschrift},
  volume={16},
  pages={103--125},
  year={1923}
}
@book{bochner1932vorlesungen,
  title={Vorlesungen {\"u}ber Fouriersche integrale},
  author={Bochner, Salomon},
  volume={12},
  year={1932},
  publisher={Akademische Verlagsgesellschaft}
}
@article{van1935locally,
  title={Locally bicompact abelian groups and their character groups},
  author={van Kampen, Egbert Rudolf},
  journal={Annals of Mathematics},
  pages={448--463},
  year={1935},
  publisher={JSTOR}
}
@article{pontrjagin1934theory,
  title={The theory of topological commutative groups},
  author={Pontrjagin, Leon},
  journal={Annals of Mathematics},
  pages={361--388},
  year={1934},
  publisher={JSTOR}
}
@book{phelps2001lectures,
  title={Lectures on Choquet’s theorem},
  author={Phelps, Robert R},
  year={2001},
  publisher={Springer}
}
@book{levy1925calcul,
  title={Calcul des probabilit{\'e}s},
  author={L{\'e}vy, Paul},
  year={1925},
  publisher={Gauthier-Villars}
}
@book{conway2019course,
  title={A course in functional analysis},
  author={Conway, John B},
  volume={96},
  year={2019},
  publisher={Springer}
}
@book{parthasarathy2005probability,
  title={Probability measures on metric spaces},
  author={Parthasarathy, Kalyanapuram Rangachari},
  volume={352},
  year={2005},
  publisher={American Mathematical Soc.}
}