@article {MR3213549,
    AUTHOR = {Mesland, Bram},
     TITLE = {Unbounded bivariant {$K$}-theory and correspondences in
              noncommutative geometry},
   JOURNAL = {J. Reine Angew. Math.},
  FJOURNAL = {Journal f\"ur die Reine und Angewandte Mathematik. [Crelle's
              Journal]},
    VOLUME = {691},
      YEAR = {2014},
     PAGES = {101--172},
      ISSN = {0075-4102,1435-5345},
   MRCLASS = {58B34 (19K35)},
  MRNUMBER = {3213549},
MRREVIEWER = {Paulo\ Carrillo Rouse},
       DOI = {10.1515/crelle-2012-0076},
       URL = {https://doi.org/10.1515/crelle-2012-0076},
}
@article {MR869779,
    AUTHOR = {Higson, Nigel},
     TITLE = {A characterization of {$KK$}-theory},
   JOURNAL = {Pacific J. Math.},
  FJOURNAL = {Pacific Journal of Mathematics},
    VOLUME = {126},
      YEAR = {1987},
    NUMBER = {2},
     PAGES = {253--276},
      ISSN = {0030-8730,1945-5844},
   MRCLASS = {46L80 (18F25 19D25 58G12)},
  MRNUMBER = {869779},
MRREVIEWER = {Vern\ Paulsen},
       URL = {http://projecteuclid.org/euclid.pjm/1102699804},
}
@article {MR582160,
    AUTHOR = {Kasparov, G. G.},
     TITLE = {The operator {$K$}-functor and extensions of {$C\sp{\ast}
              $}-algebras},
   JOURNAL = {Izv. Akad. Nauk SSSR Ser. Mat.},
  FJOURNAL = {Izvestiya Akademii Nauk SSSR. Seriya Matematicheskaya},
    VOLUME = {44},
      YEAR = {1980},
    NUMBER = {3},
     PAGES = {571--636, 719},
      ISSN = {0373-2436},
   MRCLASS = {58G12 (46M20 55N15)},
  MRNUMBER = {582160},
MRREVIEWER = {V.\ Cruceanu},
}
@article {MR715325,
    AUTHOR = {Baaj, Saad and Julg, Pierre},
     TITLE = {Th\'eorie bivariante de {K}asparov et op\'erateurs non
              born\'es dans les {$C\sp{\ast} $}-modules hilbertiens},
   JOURNAL = {C. R. Acad. Sci. Paris S\'er. I Math.},
  FJOURNAL = {Comptes Rendus des S\'eances de l'Acad\'emie des Sciences.
              S\'erie I. Math\'ematique},
    VOLUME = {296},
      YEAR = {1983},
    NUMBER = {21},
     PAGES = {875--878},
      ISSN = {0249-6291},
   MRCLASS = {46M20 (46L99 55N15 58G12)},
  MRNUMBER = {715325},
MRREVIEWER = {Jerome\ Kaminker},
}
@article {MR1435704,
    AUTHOR = {Kucerovsky, Dan},
     TITLE = {The {$KK$}-product of unbounded modules},
   JOURNAL = {$K$-Theory},
  FJOURNAL = {$K$-Theory. An Interdisciplinary Journal for the Development,
              Application, and Influence of $K$-Theory in the Mathematical
              Sciences},
    VOLUME = {11},
      YEAR = {1997},
    NUMBER = {1},
     PAGES = {17--34},
      ISSN = {0920-3036,1573-0514},
   MRCLASS = {19K35 (19K56 46L80 58G12)},
  MRNUMBER = {1435704},
MRREVIEWER = {Yuri\ A.\ Kordyukov},
       DOI = {10.1023/A:1007751017966},
       URL = {https://doi.org/10.1023/A:1007751017966},
}
@article {MR775126,
    AUTHOR = {Connes, A. and Skandalis, G.},
     TITLE = {The longitudinal index theorem for foliations},
   JOURNAL = {Publ. Res. Inst. Math. Sci.},
  FJOURNAL = {Kyoto University. Research Institute for Mathematical
              Sciences. Publications},
    VOLUME = {20},
      YEAR = {1984},
    NUMBER = {6},
     PAGES = {1139--1183},
      ISSN = {0034-5318,1663-4926},
   MRCLASS = {58G12 (18F25 19K56 46L80 46M20 57R30)},
  MRNUMBER = {775126},
MRREVIEWER = {Steven\ E.\ Hurder},
       DOI = {10.2977/prims/1195180375},
       URL = {https://doi.org/10.2977/prims/1195180375},
}
@article {MR4132745,
    AUTHOR = {van den Dungen, Koen and Mesland, Bram},
     TITLE = {Homotopy equivalence in unbounded {$KK$}-theory},
   JOURNAL = {Ann. K-Theory},
  FJOURNAL = {Annals of K-Theory},
    VOLUME = {5},
      YEAR = {2020},
    NUMBER = {3},
     PAGES = {501--537},
      ISSN = {2379-1683,2379-1691},
   MRCLASS = {19K35 (46L80)},
  MRNUMBER = {4132745},
MRREVIEWER = {Anna\ Duwenig},
       DOI = {10.2140/akt.2020.5.501},
       URL = {https://doi.org/10.2140/akt.2020.5.501},
}
@article {MR4137615,
    AUTHOR = {Kaad, Jens},
     TITLE = {On the unbounded picture of {$KK$}-theory},
   JOURNAL = {SIGMA Symmetry Integrability Geom. Methods Appl.},
  FJOURNAL = {SIGMA. Symmetry, Integrability and Geometry. Methods and
              Applications},
    VOLUME = {16},
      YEAR = {2020},
     PAGES = {Paper No. 082, 21},
      ISSN = {1815-0659},
   MRCLASS = {19K35 (58B34)},
  MRNUMBER = {4137615},
MRREVIEWER = {Yosuke\ Kubota},
       DOI = {10.3842/SIGMA.2020.082},
       URL = {https://doi.org/10.3842/SIGMA.2020.082},
}
@article {MR3514936,
    AUTHOR = {Kubota, Yosuke},
     TITLE = {The joint spectral flow and localization of the indices of
              elliptic operators},
   JOURNAL = {Ann. K-Theory},
  FJOURNAL = {Annals of K-Theory},
    VOLUME = {1},
      YEAR = {2016},
    NUMBER = {1},
     PAGES = {43--83},
      ISSN = {2379-1683,2379-1691},
   MRCLASS = {19K56 (19K35 19L41)},
  MRNUMBER = {3514936},
       DOI = {10.2140/akt.2016.1.43},
       URL = {https://doi.org/10.2140/akt.2016.1.43},
}
@article {MR3107519,
    AUTHOR = {Kaad, Jens and Lesch, Matthias},
     TITLE = {Spectral flow and the unbounded {K}asparov product},
   JOURNAL = {Adv. Math.},
  FJOURNAL = {Advances in Mathematics},
    VOLUME = {248},
      YEAR = {2013},
     PAGES = {495--530},
      ISSN = {0001-8708,1090-2082},
   MRCLASS = {19K35 (46L80 58J30)},
  MRNUMBER = {3107519},
MRREVIEWER = {Hang\ Wang},
       DOI = {10.1016/j.aim.2013.08.015},
       URL = {https://doi.org/10.1016/j.aim.2013.08.015},
}