@article{schaeffer1991global,
  title={Global existence of smooth solutions to the vlasov poisson system in three dimensions},
  author={Schaeffer, Jack},
  journal={Communications in partial differential equations},
  volume={16},
  number={8-9},
  pages={1313--1335},
  year={1991},
  publisher={Taylor \& Francis}
}
@book{glassey1996cauchy,
  title={The Cauchy problem in kinetic theory},
  author={Glassey, Robert},
  volume={52},
  year={1996},
  publisher={Siam}
}

@article{lions1991propagation,
  title={Propagation of moments and regularity for the 3-dimensional Vlasov-Poisson system},
  author={Lions, Pierre-Louis and Perthame, Beno{\^\i}t},
  journal={Inventiones mathematicae},
  volume={105},
  number={1},
  pages={415--430},
  year={1991},
  publisher={Springer}
}