@book {MR1873025,
    AUTHOR = {Takesaki, M.},
     TITLE = {Theory of operator algebras. {I}},
    SERIES = {Encyclopaedia of Mathematical Sciences},
    VOLUME = {124},
      NOTE = {Reprint of the first (1979) edition,
              Operator Algebras and Non-commutative Geometry, 5},
 PUBLISHER = {Springer-Verlag, Berlin},
      YEAR = {2002},
     PAGES = {xx+415},
      ISBN = {3-540-42248-X},
   MRCLASS = {46Lxx (46-01)},
  MRNUMBER = {1873025},
}
@article {MR380438,
    AUTHOR = {Haagerup, Uffe},
     TITLE = {Normal weights on {$W\sp{\ast} $}-algebras},
   JOURNAL = {J. Functional Analysis},
  FJOURNAL = {Journal of Functional Analysis},
    VOLUME = {19},
      YEAR = {1975},
     PAGES = {302--317},
      ISSN = {0022-1236},
   MRCLASS = {46L10},
  MRNUMBER = {380438},
MRREVIEWER = {Fran\c cois\ Combes},
       DOI = {10.1016/0022-1236(75)90060-9},
       URL = {https://doi.org/10.1016/0022-1236(75)90060-9},
}